<?xml version="1.0" encoding="UTF-8"?><collection xmlns="http://www.loc.gov/MARC21/slim"><record><leader>00385nam--2200133-i-4500</leader><controlfield tag="001">000010875</controlfield><controlfield tag="002">20161230</controlfield><controlfield tag="005">20161230201029</controlfield><controlfield tag="008">060222s1000------------r-----000-0-eng-d</controlfield><datafield ind1=" " ind2=" " tag="080"><subfield code="a">621.039(042)=532.13(042)</subfield></datafield><datafield ind1=" " ind2=" " tag="100"><subfield code="a">Arienti, Renzo</subfield></datafield><datafield ind1=" " ind2=" " tag="245"><subfield code="a">Complementi di fisica tecnica per ingegneri nucleari</subfield></datafield><datafield ind1=" " ind2=" " tag="260"><subfield code="a">Milano, Tamburini Editore, 1962 747-936 P. + Errata 37 P</subfield></datafield><datafield ind1=" " ind2=" " tag="852"><subfield code="a">39862</subfield></datafield></record></collection>